<record><leader>00000cas a22000007a 4500</leader><controlfield tag="001">1680981</controlfield><controlfield tag="008">751007d19091910mnuwr ne      0    0eng d</controlfield><datafield ind1=" " ind2=" " tag="010"><subfield code="a">sn 89064677 </subfield></datafield><datafield ind1=" " ind2=" " tag="040"><subfield code="a">MUL</subfield><subfield code="b">eng</subfield><subfield code="c">MUL</subfield><subfield code="d">MN#</subfield><subfield code="d">OCLCQ</subfield><subfield code="d">OCLCF</subfield><subfield code="d">OCLCO</subfield></datafield><datafield ind1="1" ind2=" " tag="029"><subfield code="a">AU@</subfield><subfield code="b">000025860626</subfield></datafield><datafield ind1=" " ind2=" " tag="042"><subfield code="a">msc</subfield></datafield><datafield ind1=" " ind2=" " tag="043"><subfield code="a">n-us-mn</subfield></datafield><datafield ind1=" " ind2=" " tag="052"><subfield code="a">4144</subfield><subfield code="b">W96</subfield></datafield><datafield ind1=" " ind2=" " tag="052"><subfield code="a">4143</subfield><subfield code="b">F5</subfield></datafield><datafield ind1="0" ind2="0" tag="245"><subfield code="a">Messenger-enterprise.</subfield></datafield><datafield ind1="3" ind2="0" tag="246"><subfield code="a">Messenger enterprise</subfield></datafield><datafield ind1=" " ind2=" " tag="260"><subfield code="a">Wykoff, Minn. :</subfield><subfield code="b">E.P. Johnson,</subfield><subfield code="c">1909-1910.</subfield></datafield><datafield ind1=" " ind2=" " tag="300"><subfield code="a">3 v.</subfield></datafield><datafield ind1=" " ind2=" " tag="310"><subfield code="a">Weekly</subfield></datafield><datafield ind1="0" ind2=" " tag="362"><subfield code="a">Vol. 15, no. 41 (Jan. 1, 1909)-v. 17, no. 17 (July 8, 1910).</subfield></datafield><datafield ind1=" " ind2=" " tag="530"><subfield code="a">Available on microfilm from the Minnesota Historical Society.</subfield></datafield><datafield ind1=" " ind2="0" tag="651"><subfield code="a">Wykoff (Minn.)</subfield><subfield code="v">Newspapers.</subfield></datafield><datafield ind1=" " ind2="7" tag="655"><subfield code="a">Newspapers.</subfield><subfield code="2">fast</subfield><subfield code="0">(OCoLC)fst01423814</subfield></datafield><datafield ind1=" " ind2="7" tag="651"><subfield code="a">Minnesota</subfield><subfield code="z">Wykoff.</subfield><subfield code="2">fast</subfield><subfield code="0">(OCoLC)fst01254506</subfield></datafield><datafield ind1=" " ind2=" " tag="752"><subfield code="a">United States</subfield><subfield code="b">Minnesota</subfield><subfield code="c">Fillmore</subfield><subfield code="d">Wykoff.</subfield></datafield><datafield ind1="0" ind2="4" tag="780"><subfield code="t">Wykoff enterprise</subfield></datafield><datafield ind1="0" ind2="4" tag="780"><subfield code="t">Wykoff messenger</subfield><subfield code="w">(DLC)sn 89064675</subfield></datafield><datafield ind1="0" ind2="0" tag="785"><subfield code="t">Wykoff enterprise (Wykoff, Minn. : 1910)</subfield><subfield code="w">(DLC)sn 89064678</subfield></datafield></record>